<?xml version="1.0" encoding="UTF-8"?><collection xmlns="http://www.loc.gov/MARC21/slim"><record><leader>00501nam--2200121-i-4500</leader><controlfield tag="001">000028695</controlfield><controlfield tag="002">20161230</controlfield><controlfield tag="005">20161230201037</controlfield><controlfield tag="008">060222s1000------------r-----000-0-eng-d</controlfield><datafield ind1=" " ind2=" " tag="245"><subfield code="a">Les houches, ecole d`ete de physique theorique, session: xiv 1964: optique et electronique quantigues. quantum optics and electronics. lectures delivered et les houches during the 1964 session of the summer school of theoretical phusics,</subfield></datafield><datafield ind1=" " ind2=" " tag="260"><subfield code="a">New York, Gordon And Breach, 1964</subfield></datafield><datafield ind1=" " ind2=" " tag="700"><subfield code="a">Dewitt, C</subfield></datafield><datafield ind1=" " ind2=" " tag="852"><subfield code="a">21758</subfield></datafield></record></collection>